@book{Anderson2008sea,
  author={Anderson, Ross J.},
  title={Security Engineering},
  subtitle={A guide to building dependable distributed systems},
  publisher={Wiley},
  address={Indianapolis, IN},
  year={2008},
  edition={2},
  ISBN={978-0-470-06852-6 (hbk.)},
  URL={http://www.cl.cam.ac.uk/~rja14/book.html},
  keywords={IT-s{\"a}kerhet},
}

@book{Stallings2010nse,
  author={Stallings, William},
  title={Network security essentials : applications and standards},
  publisher={Prentice Hall},
  address={Upper Saddle River, N. J.},
  year={2010},
  edition={4. ed.},
  ISBN={0-13-706792-5 (pbk.)},
  keywords={IT-s{\"a}kerhet Datan{\"a}t Datakommunikation Kryptering},
}
@book{Stallings2013nse,
  author={Stallings, William},
  title={Network security essentials : applications and standards},
  publisher={Pearson Education},
  year={2013},
  edition={5},
  ISBN={978-0-273-79336-6},
  keywords={IT-s{\"a}kerhet Datan{\"a}t Datakommunikation Kryptering},
  note={International Edition}
}
@book{Stallings2011can,
  author={Stallings, William},
  title={Cryptography and network security : principles and practice},
  publisher={Prentice Hall},
  address={Upper Saddle River},
  year={2011},
  edition={5. ed., International ed.},
  ISBN={0-13-705632-X (pbk)},
  keywords={Kryptering Kryptologi IT-s{\"a}kerhet Dataskydd},
}
@book{Stallings2013can,
  author={Stallings, William},
  title={Cryptography and network security : principles and practice},
  publisher={Pearson Education},
  year={2013},
  edition={6},
  ISBN={978-0-273-79335-9},
  keywords={Kryptering Kryptologi IT-s{\"a}kerhet Dataskydd},
}

